@online{cook,
  author = {R.Dennis Cook},
  title = { 
Detection of Influential Observation in Linear Regression
},
  year = 1977,
  url = {http://www.jstor.org/stable/1268249?origin=crossref&seq=1#page_scan_tab_contents},
  urldate = {2016-02-28}
}