@Book{DSUR,
  author = {Andy Field, Jeremy Miles, Zoë Field},
  title = {DISCOVERING STATISTICS USING R},
  publisher = {Sage Publucation, Ltd.},
  year = 2012,
  url = {http://studysites.sagepub.com/dsur/main.htm},
  urldate = {2016-02-29}
}

@online{weisberg,
  author = {Stanford Weisberg, R. Dennis Cook },
  title = {Residuals and Influence in Regression},
  year = 1982,
  url = {https://books.google.com/books?id=MVSqAAAAIAAJ},
  urldate = {2016-02-28}
}

@online{Barry,
author = {Barry McDonal},
title = {A Teaching Note on Cook’s Distance},
year = 2002,

OPTurl = {http://www.massey.ac.nz/~wwiims/research/letters},
OPTurldate = {2016-02-2},
}
@Book{Robert,
author = {Bollen, Kenneth; Robert W.},
title = {Modern Methods of Data Analysis},
publisher = {Newbury Park},
year = 1990,

OPTurl = {http://www.massey.ac.nz/~wwiims/research/letters},
OPTurldate = {2016-02-2},
}


