@online{Maurice,
ALTauthor = {author},
ALTeditor = {editor},
title = {Jackknife Resampling},
date = {2016},
url = {https://en.wikipedia.org/wiki/Jackknife_resampling},
OPTsubtitle = {subtitle},
OPTtitleaddon = {titleaddon},
OPTlanguage = {language},
OPTversion = {version},
OPTnote = {note},
OPTorganization = {organization},
OPTdate = {date},
OPTmonth = {month},
OPTyear = {year},
OPTaddendum = {addendum},
OPTpubstate = {pubstate},
OPTurldate = {urldate},
}

@article{Kate,
author = {Kate Cowles},
title = {Computing in Statistics},
journaltitle = {journaltitle},
date = {date},
OPTtranslator = {translator},
OPTannotator = {annotator},
OPTcommentator = {commentator},
OPTsubtitle = {subtitle},
OPTtitleaddon = {titleaddon},
OPTeditor = {editor},
OPTeditora = {editora},
OPTeditorb = {editorb},
OPTeditorc = {editorc},
OPTjournalsubtitle = {journalsubtitle},
OPTissuetitle = {issuetitle},
OPTissuesubtitle = {issuesubtitle},
OPTlanguage = {language},
OPToriglanguage = {origlanguage},
OPTseries = {series},
OPTvolume = {volume},
OPTnumber = {number},
OPTeid = {eid},
OPTissue = {issue},
OPTmonth = {month},
OPTpages = {pages},
OPTversion = {version},
OPTnote = {note},
OPTissn = {issn},
OPTaddendum = {addendum},
OPTpubstate = {pubstate},
OPTdoi = {doi},
OPTeprint = {eprint},
OPTeprintclass = {eprintclass},
OPTeprinttype = {eprinttype},
OPTurl = {url},
OPTurldate = {urldate},
}

@article{David,
author = {David Draper},
title = {Some notes on Jackknife},
journaltitle = {journaltitle},
date = {date},
OPTtranslator = {translator},
OPTannotator = {annotator},
OPTcommentator = {commentator},
OPTsubtitle = {subtitle},
OPTtitleaddon = {titleaddon},
OPTeditor = {editor},
OPTeditora = {editora},
OPTeditorb = {editorb},
OPTeditorc = {editorc},
OPTjournalsubtitle = {journalsubtitle},
OPTissuetitle = {issuetitle},
OPTissuesubtitle = {issuesubtitle},
OPTlanguage = {language},
OPToriglanguage = {origlanguage},
OPTseries = {series},
OPTvolume = {volume},
OPTnumber = {number},
OPTeid = {eid},
OPTissue = {issue},
OPTmonth = {month},
OPTpages = {pages},
OPTversion = {version},
OPTnote = {note},
OPTissn = {issn},
OPTaddendum = {addendum},
OPTpubstate = {pubstate},
OPTdoi = {doi},
OPTeprint = {eprint},
OPTeprintclass = {eprintclass},
OPTeprinttype = {eprinttype},
OPTurl = {url},
OPTurldate = {urldate},
}
