@online{Huffpost,
ALTauthor = {Huffington Post},
ALTeditor = {editor},
title = {HuffPost Pollster API},
date = {2016},
url = {(http://elections.huffingtonpost.
com/pollster/api},
OPTsubtitle = {subtitle},
OPTtitleaddon = {titleaddon},
OPTlanguage = {language},
OPTversion = {version},
OPTnote = {note},
OPTorganization = {organization},
OPTdate = {date},
OPTmonth = {month},
OPTyear = {year},
OPTaddendum = {addendum},
OPTpubstate = {pubstate},
OPTurldate = {urldate},
}
